@MISC {databazeknih.cz,
    author = "databazeknih.cz",
    title = "Knihy | Databáze Knih",
    url = "https://www.databazeknih.cz/knihy",
    urldate = "2024-04-17",
    year = "2024",
    langid = "czech",
}

@MISC {citacecom,
    author = "Martin Krčál AND Miroslav Gajda",
    title = "Citace.com",
    url = "http://www.citace.com/",
    urldate = "2020-11-11",
    year = "2020",
    langid = "czech",
}






@misc{SedgewickPage,
	author = "Robert SEDGEWICK",
	title = "{Robert Sedgewick's Homepage}",
	url = "https://www.cs.princeton.edu/~rs",
	year = "2015",
	langid = {english},
}

@book{WirthAlfa,
	address = "Bratislava",
	author = "Niklaus Wirth",
	isbn = "063-030-87",
	pages = "488",
	publisher = "Alfa",
	title = "{Algoritmy a štruktúry údajov}",
	year = "1988",
}

@book{Eco97,
	address = "Olomouc",
	author = "Umberto Eco",
	booktitle = "{Come si fa una tesi di laurea}",
	isbn = "80-7198-173-7",
	note = "Překlad: Ivan Seidl",
	pages = "278",
	publisher = "Votobia",
	title = "{Jak napsat diplomovou práci}",
	year = "1997",
}

@book{knuth,
	address = "Brno",
	author = "Donald E. Knuth",
	isbn = "978-80-251-20-25-5",
	publisher = "Computer Press",
	series = "{1. díl}",
	title = "{Umění programování}",
	year = "2011",
}

@booklet{Citace15,
	address = "Brno",
	author = "Martin Krčál and Karolína Krbcová and Jakub Horák",
	howpublished = "online",
	pages = "14",
	publisher = "Ucimcitace.cz",
	title = "{Citujte Jednoduše: instrukce pro vyučující středních škol}",
	year = "2015",
        address = "Brno",
	url = {https://www.citace.com/download/Citujte-jednoduse.pdf},
        urldate = "2023-05-02",

}




@book{rybitex,
        address = "Brno",
        author = "Jiří Rybička",
        edition = "3",
        pages = "238",
        publisher = "Konvoj",
        title = "{{\LaTeX} pro začátečníky}",
        year = "2003",
        isbn = "80-7302-049-1",
        langid = "czech",
}


@book{pratchett2007eric,
  author = "Terry Pratchett",
  title = "Erik",
  series = "Úžasná Zeměplocha",
  address = "Praha",
  publisher = "Tallpress",
  year = "2007",
  isbn = "978-80-7197-325-6",
  langid = "czech",
}

@MISC {googlescholar,
    author       = "Google",
    title        = "Google Scholar",
    url = "https://scholar.google.cz/",
    urldate = "2020-11-11",
    year         = "2020",
    langid = "english",
}

@Misc{bibtexformat,
    author       = {Wikibooks},
    title        = {{LaTeX/Bibliography Management, BibTeX}},
    url = {https://en.wikibooks.org/wiki/LaTeX/Bibliography_Management#BibTeX},
    urldate = {2020-11-11},
    year         = {2020},
    langid = "english",
}


@INPROCEEDINGS{martinek2002fuzzy,
   author = {David Martinek},
   title = {Fuzzy and heterogeneous modelling in {SIMLIB/C++}},
   pages = {105--114},
   booktitle = {Proceedings of 28th ASU Conference - The Simulation
        Languages},
   journal = {ASU Newsletter: a publication of the Association of SIMULA
        Users.},
   volume = {28},
   number = {9},
   year = {2002},
   location = {Brno, CZ},
   publisher = {Department of Intelligent Systems FIT BUT},
   ISSN = {1102-593X},
   language = {english},
   url = {https://www.fit.vut.cz/research/publication/7004/},
   urldate = {2023-05-02},
   langid = "english",
}


@MASTERSTHESIS{martinek2000diplomka,
    author = {David Martinek},
    title = {Implementace heterogenních simulačních modelů},
    school = {Vysoké učení technické v Brně,
        Fakulta informačních technologií},
    year = {2000},
    location = {Brno, CZ},
    language = {czech},
    url = {https://www.fit.vut.cz/study/thesis/1130/},
    urldate = {2023-05-02},
}

@Article{plagiatyMala,
    author = {Markéta Chaloupská},
    title = {{Jasné plagiátorství, říká expert o~další diplomové práci ministryně Malé. Označil hned 16 stran textu.}},
    journal = {iRozhlas.cz},
    year = {2018},
    month = {7},
    url = {https://www.irozhlas.cz/zpravy-domov/ministryne-spravedlnosti-tatana-mala-opsana-diplomova-prace_1807031237_per},
    urldate = {2020-11-11},
    langid = {czech},
    }

@Article{plagiatyChovanec,
    author = {Marek Pokorný},
    title = {{Chovanec opsal úvod své bakalářky ze středoškolských výpisků. Ta práce neměla vůbec projít, říká Dvořáková.}},
    journal = {Hospodářské noviny, ihned.cz},
    year = {2016},
    month = {10},
    url = {https://domaci.ihned.cz/c1-65462890-chovanec-opsal-uvod-sve-bakalarky-ze-stredoskolskych-vypisku-ta-prace-nemela-projit-rika-dvorakova},
    urldate = {2020-11-11},
    langid = {czech},
    }

@Article{biblatex,
    author = {Josh Cassidy},
    title = {Getting started with BibLaTeX},
    journal = {Overleaf.com},
    year = {2013},
    url={https://www.overleaf.com/learn/latex/Articles/Getting_started_with_BibLaTeX},
    urldate = {2020-11-11},
    langid = {english},
}

@Misc{biblatex690,
    author = {Michal Hoftich AND Moritz Wemheuer AND Dávid Lupták},
    title = {Biblatex style for ISO 690 standard},
    year = {2020},
    url = {https://github.com/michal-h21/biblatex-iso690},
    urldate = {2020-11-11},
    langid = {english},
}
